@book{alexandrov,
title={Выпуклые многогранники},
author={Александров, А. Д.},
year={1950},
language={russian},
hyphenation={english},
addendum={[English translation: Alexandrov, A. D., \emph{Convex polyhedra,} 2005]}
}

@book{alexandrov-1948,
title={Внутренняя геометрия выпуклых поверхностей},
author={Александров, А. Д.},
year={1948},
language={russian},
hyphenation={russian}
}


@article {alexandrov-1941,
    AUTHOR = {Александров, А. Д.},
     TITLE = {Существование выпуклого многогранника и выпуклой поверхности с заданной метрикой},
   JOURNAL = {Матем. сб.},
    VOLUME = {11(53)},
      YEAR = {1942},
    NUMBER = {1-2},
     PAGES = {15–65},
     language={russian},
hyphenation={russian},
}

@article{alexandrov-1941convex,
  title={Внутренняя геометрия произвольной выпуклой поверхности},
  author={Александров, А. Д.},
  booktitle={Докл. АН СССР},
  volume={32},
  number = {7},
  year={1941},
  pages = {467--470},
     language={russian},
hyphenation={russian},
}

@article{alexandrov-1946,
  title={О склеивании выпуклых поверхностей},
  author={Александров, А. Д.},
  booktitle={Докл. АН СССР},
  volume={54},
  number = {2},
  year={1946},
  pages = {99--102},
     language={russian},
hyphenation={russian},
}

@article{toponogov-globalization+splitting,
  title={Римановы пространства кривизны, ограниченной снизу},
  author={Топоногов, В. А.},
  journal={Успехи математических наук},
  volume={14},
  number={1 (85)},
  pages={87---130},
  year={1959},  
  MRNUMBER = {0103510},
language={russian},
hyphenation={russian}
}

@article {alexander-bishop,
    AUTHOR = {Alexander, S. and Bishop, R.},
     TITLE = {Warped products of {H}adamard spaces},
   JOURNAL = {Manuscripta Math.},
  FJOURNAL = {Manuscripta Mathematica},
    VOLUME = {96},
      YEAR = {1998},
    NUMBER = {4},
     PAGES = {487--505},
      ISSN = {0025-2611},
   MRCLASS = {53C70 (53C20)},
  MRNUMBER = {1639844},
MRREVIEWER = {Joseph E. Borzellino},
       DOI = {10.1007/s002290050078},
       URL = {https://doi.org/10.1007/s002290050078},
}

@book {alexander-kapovitch-petrunin-2019,
    AUTHOR = {Alexander, S. and Kapovitch, V. and Petrunin, A.},
     TITLE = {An invitation to {A}lexandrov geometry: CAT(0) spaces},
      YEAR = {2019},
       URL = {https://doi.org/10.1007/978-3-030-05312-3},
}

@book{alexander-kapovitch-petrunin-2025,
    title={Alexandrov geometry: foundations},
    author={Alexander, S. and  Kapovitch, V. and Petrunin, A.},
    year={2022},
    eprint={1903.08539},
    archivePrefix={arXiv},
    primaryClass={math.DG}
}

@article{alexandrov:def,
author = {Alexandroff, A.},
journal = {C. R. (Doklady) Acad. Sci. URSS (N.S.)},
mrclass = {53.0X},
mrnumber = {0009146},
mrreviewer = {A. B. Brown},
pages = {467--470},
title = {The inner geometry of an arbitrary convex surface},
volume = {32},
year = {1941}}
@book{kiselyov,
title={Геометрия по Киселёву}, 
author={Киселёв, А. П.},
year={2021},
language={russian},
hyphenation={russian} 
}

@book {pogorelov,
    AUTHOR = {Погорелов, А. В.},
     TITLE = {Однозначная определённость общих выпуклых поверхностей},
    SERIES = {Монографии института математики, вып. II},
 %PUBLISHER = {Akad. Nauk Ukrainsko\u{\i} SSR, Kiev},
      YEAR = {1952},
  %   PAGES = {69},
   MRCLASS = {52.0X},
  MRNUMBER = {0063681},
MRREVIEWER = {H. Busemann},
language={russian},
hyphenation={russian} 
}

@book{tabacnikov-fuks,
title={Математический дивертисмент}, 
author={Табачников, С. Л. and Фукс, Д. Б.},
year={2016},
language={russian},
hyphenation={russian} 
}

@book{aigner-zigler,
title={Доказательства из Книги}, 
author={Айгнер, М. and Циглер, Г.},
edition={Любое издание},
language={russian},
hyphenation={russian} 
}

@book{dolbilin,
title={Жемчужины теории многогранников}, 
author={Долбилин, Н. П.},
year={2000},
language={russian},
hyphenation={russian} 
}




@article {zalgaller,
    AUTHOR = {Залгаллер, В. А.},
     TITLE = {О деформациях многоугольника на сфере},
   JOURNAL = {УМН},
    VOLUME = {11},
      YEAR = {1956},
    NUMBER = {5(71)},
     PAGES = {177--178},
language={russian},
hyphenation={russian} 
}



@article {volkov,
    AUTHOR = {Волков, Ю. А.},
     TITLE = {Существование многогранника с данной разверткой},
   JOURNAL = {Зап. научн. сем. ПОМИ},
    VOLUME = {},
      YEAR = {2018},
    NUMBER = {},
     PAGES = {50---78},
     language={russian},
hyphenation={russian},
}

@article{alexandrov:devel,
author = {Alexandrow, A. D.},
journal = {Schr. Forschungsinst. Math.},
mrclass = {50.0X},
mrnumber = {0087119},
mrreviewer = {H. Busemann},
pages = {33--84},
title = {\"{U}ber eine {V}erallgemeinerung der {R}iemannschen {G}eometrie},
volume = {1},
year = {1957}}

@book {bridson-haefliger,
    AUTHOR = {Bridson, M. and Haefliger, A.},
     TITLE = {Metric spaces of non-positive curvature},
    SERIES = {Grundlehren der Mathematischen Wissenschaften},
    VOLUME = {319},
 %PUBLISHER = {Springer-Verlag, Berlin},
      YEAR = {1999},
 %    PAGES = {xxii+643},
      ISBN = {3-540-64324-9},
   MRCLASS = {53C23 (20F65 53C70 57M07)},
  MRNUMBER = {1744486},
MRREVIEWER = {Athanase Papadopoulos},
       DOI = {10.1007/978-3-662-12494-9},
       URL = {https://doi.org/10.1007/978-3-662-12494-9},
}

@inproceedings {burago-1998,
    AUTHOR = {Burago, D.},
     TITLE = {Hard balls gas and {A}lexandrov spaces of curvature bounded
              above},
 BOOKTITLE = {Proceedings of the {I}nternational {C}ongress of
              {M}athematicians, {V}ol. {II} ({B}erlin, 1998)},
   JOURNAL = {Doc. Math.},
  FJOURNAL = {Documenta Mathematica},
      YEAR = {1998},
    NUMBER = {Extra Vol. II},
     PAGES = {289--298},
      ISSN = {1431-0635},
   MRCLASS = {53C23 (58F17)},
  MRNUMBER = {1648079},
MRREVIEWER = {Anton Petrunin},
}

@article {burago-ferleger-kononenko-1997,
    AUTHOR = {Burago, D. and Ferleger, S. and Kononenko, A.},
     TITLE = {Uniform estimates on the number of collisions in
              semi-dispersing billiards},
   JOURNAL = {Ann. of Math. (2)},
  FJOURNAL = {Annals of Mathematics. Second Series},
    VOLUME = {147},
      YEAR = {1998},
    NUMBER = {3},
     PAGES = {695--708},
      ISSN = {0003-486X},
   MRCLASS = {58F11 (58F99 70F10 70F35)},
  MRNUMBER = {1637663},
MRREVIEWER = {Nikolai Chernov},
       DOI = {10.2307/120962},
       URL = {https://doi.org/10.2307/120962},
}

@article {burago-ferleger-kononenko-1998,
    AUTHOR = {Burago, D. and Ferleger, S. and Kononenko, A.},
     TITLE = {Topological entropy of semi-dispersing billiards},
   JOURNAL = {Ergodic Theory Dynam. Systems},
  FJOURNAL = {Ergodic Theory and Dynamical Systems},
    VOLUME = {18},
      YEAR = {1998},
    NUMBER = {4},
     PAGES = {791--805},
      ISSN = {0143-3857},
   MRCLASS = {58F17 (58F22)},
  MRNUMBER = {1645377},
MRREVIEWER = {Valery Covachev},
       DOI = {10.1017/S0143385798108246},
       URL = {https://doi.org/10.1017/S0143385798108246},
}

@article {burago-grigoriev-slissenko,
    AUTHOR = {Burago, D. and Grigoriev, D. and Slissenko, A.},
     TITLE = {Approximating shortest path for the skew lines problem in time
              doubly logarithmic in 1/epsilon},
   JOURNAL = {Theoret. Comput. Sci.},
  FJOURNAL = {Theoretical Computer Science},
    VOLUME = {315},
      YEAR = {2004},
    NUMBER = {2-3},
     PAGES = {371--404},
      ISSN = {0304-3975},
   MRCLASS = {68Q25 (52B55 68U05 68W40)},
  MRNUMBER = {2073058},
       DOI = {10.1016/j.tcs.2004.01.014},
       URL = {https://doi.org/10.1016/j.tcs.2004.01.014},
}

@article {burago-ivanov,
    AUTHOR = {Burago, D. and Ivanov, S.},
     TITLE = {Examples of exponentially many collisions in a hard ball
              system},
   JOURNAL = {Ergodic Theory Dynam. Systems},
  FJOURNAL = {Ergodic Theory and Dynamical Systems},
    VOLUME = {41},
      YEAR = {2021},
    NUMBER = {9},
     PAGES = {2754--2769},
      ISSN = {0143-3857},
   MRCLASS = {70F35 (37C83)},
  MRNUMBER = {4297071},
MRREVIEWER = {Carlo Bianca},
       DOI = {10.1017/etds.2020.54},
       URL = {https://doi.org/10.1017/etds.2020.54},
}

@article{cheeger-gromoll-split,
author = {Cheeger, J. and Gromoll, D.},
fjournal = {Journal of Differential Geometry},
issn = {0022-040X},
journal = {J. Differential Geometry},
mrclass = {53C20},
mrnumber = {0303460},
mrreviewer = {J. R. Vanstone},
pages = {119--128},
title = {The splitting theorem for manifolds of nonnegative {R}icci curvature},
url = {http://projecteuclid.org/euclid.jdg/1214430220},
volume = {6},
year = {1971/72},
bdsk-url-1 = {http://projecteuclid.org/euclid.jdg/1214430220}}

@article{galperin,
  title={О системах локально взаимодействующих и отталкивающихся частиц, движущихся в пространстве},
  author={Гальперин, Г. А.},
  journal={Труды Московского математического общества},
  volume={43},
  number={0},
  pages={142--196},
  year={1981},
  publisher={Московское математическое общество}
}

@article {hass,
    AUTHOR = {Hass, J.},
     TITLE = {Bounded {$3$}-manifolds admit negatively curved metrics with
              concave boundary},
   JOURNAL = {J. Differential Geom.},
  FJOURNAL = {Journal of Differential Geometry},
    VOLUME = {40},
      YEAR = {1994},
    NUMBER = {3},
     PAGES = {449--459},
      ISSN = {0022-040X},
   MRCLASS = {53C21 (53C20 57M50)},
  MRNUMBER = {1305977},
MRREVIEWER = {William Dunbar},
       URL = {http://projecteuclid.org/euclid.jdg/1214455774},
}

@article{plaut:dimension,
author = {Plaut, C.},
doi = {10.1007/BF02921569},
fjournal = {The Journal of Geometric Analysis},
issn = {1050-6926},
journal = {J. Geom. Anal.},
mrclass = {53C23 (53C20)},
mrnumber = {1402389},
mrreviewer = {Zhongmin Shen},
number = {1},
pages = {113--134},
title = {Spaces of {W}ald curvature bounded below},
url = {https://doi.org/10.1007/BF02921569},
volume = {6},
year = {1996},
bdsk-url-1 = {https://doi.org/10.1007/BF02921569}}

@book{shiohama,
author = {Shiohama, K.},
mrclass = {53C23},
mrnumber = {1320267},
mrreviewer = {Conrad Plaut},
series = {Lecture Notes Series},
title = {An introduction to the geometry of {A}lexandrov spaces},
volume = {8},
year = {1993}}

@article {reshetnyak:glue,
    AUTHOR = {Reshetnyak, Yu. G.},
     TITLE = {On the theory of spaces with curvature no greater than {$K$}},
   JOURNAL = {Mat. Sb. (N.S.)},
    VOLUME = {52 (94)},
      YEAR = {1960},
     PAGES = {789--798},
   MRCLASS = {53.00},
  MRNUMBER = {0121762},
MRREVIEWER = {A. V. Pogorelov},
}

@article{burago-gromov-perelman,
author = {Ю. Д. Бураго, М. Л. Громов, Г. Я. Перельман},
journal = {УМН},
number = {2(284)},
pages = {3–51},
title = {Пространства А. Д. Александрова с ограниченными снизу кривизнами},
volume = {47},
year = {1992},
language={russian},
hyphenation={russian},
addendum={[English translation: Yu. D. Burago, M. L. Gromov, G. Ya. Perel'man, “A. D. Alexandrov spaces with curvature bounded below”, Russian Math. Surveys, 47:2 (1992), 1–58]}
}

@book{burago-burago-ivanov,
author = {Burago, D. and Burago, Y. and Ivanov, S.},
doi = {10.1090/gsm/033},
isbn = {0-8218-2129-6},
mrclass = {53C23},
mrnumber = {1835418},
mrreviewer = {Mario Bonk},
series = {Graduate Studies in Mathematics},
title = {A course in metric geometry},
url = {https://doi.org/10.1090/gsm/033},
volume = {33},
year = {2001},
bdsk-url-1 = {https://doi.org/10.1090/gsm/033},
addendum={[Русский перевод: Бураго Д. Ю., Бураго Ю. Д., Иванов С. В. «Курс метрической геометрии», 2004.]}}

@article{lang-schroeder:globalization,
author = {Lang, U. and Schroeder, V.},
doi = {10.4171/LEM/59-3-6},
fjournal = {L'Enseignement Math\'{e}matique},
issn = {0013-8584},
journal = {Enseign. Math.},
mrclass = {53C23 (53C20)},
mrnumber = {3189039},
mrreviewer = {Joseph E. Borzellino},
number = {3-4},
pages = {325--336},
title = {On {T}oponogov's comparison theorem for {A}lexandrov spaces},
url = {https://doi.org/10.4171/LEM/59-3-6},
volume = {59},
year = {2013},
bdsk-url-1 = {https://doi.org/10.4171/LEM/59-3-6}}

@article {menger,
    AUTHOR = {Menger, K.},
     TITLE = {Untersuchungen \"{u}ber allgemeine {M}etrik},
   JOURNAL = {Math. Ann.},
  FJOURNAL = {Mathematische Annalen},
    VOLUME = {100},
      YEAR = {1928},
    NUMBER = {1},
     PAGES = {75--163},
      ISSN = {0025-5831},
   MRCLASS = {DML},
  MRNUMBER = {1512479},
       DOI = {10.1007/BF01448840},
       URL = {https://doi.org/10.1007/BF01448840},
hyphenation = {german},
language = {german},
}

@article{petrunin:globalization,
author = {Petrunin, A.},
doi = {10.1007/s00208-015-1295-8},
fjournal = {Mathematische Annalen},
issn = {0025-5831},
journal = {Math. Ann.},
mrclass = {53C23 (53C22)},
mrnumber = {3552243},
mrreviewer = {Pavel D. Andreev},
number = {1-2},
pages = {387--393},
title = {A globalization for non-complete but geodesic spaces},
url = {https://doi.org/10.1007/s00208-015-1295-8},
volume = {366},
year = {2016},
bdsk-url-1 = {https://doi.org/10.1007/s00208-015-1295-8}}


@article {schoenberg-zaremba,
    AUTHOR = {Schoenberg, I. J. and Zaremba, S. C.},
     TITLE = {On {C}auchy's lemma concerning convex polygons},
   JOURNAL = {Canadian J. Math.},
  FJOURNAL = {Canadian Journal of Mathematics. Journal Canadien de
              Math\'{e}matiques},
    VOLUME = {19},
      YEAR = {1967},
     PAGES = {1062--1071},
      ISSN = {0008-414X},
   MRCLASS = {52.10},
  MRNUMBER = {216365},
MRREVIEWER = {D. W. Walkup},
       DOI = {10.4153/CJM-1967-096-4},
       URL = {https://doi.org/10.4153/CJM-1967-096-4},
}

@article{cauchy,
  title={Sur les polygones et les poly\`{e}dres: second M\'emoire},
  author={Cauchy, A.},
  journal={Journal de l’Ecole Polytechnique},
  volume={16},
  number={9},
  pages={26--38},
  year={1813}
}

@article{cohn-vossen_line,
author = {Cohn-Vossen, S.},
hyphenation = {german},
journal = {Mat. Sb.},
language = {german},
number = {2},
title = {Totalkr{\"u}mmung und geod{\"a}tische Linien auf einfachzusammenh{\"a}ngenden offenen vollst{\"a}ndigen Fl{\"a}chenst{\"u}cken},
volume = {1(43)},
year = {1936}}

@article{daniilidis-ley-sabourau,
author = {Daniilidis, A. and Ley, O. and Sabourau, S.},
doi = {10.1016/j.matpur.2010.03.007},
fjournal = {Journal de Math\'{e}matiques Pures et Appliqu\'{e}es. Neuvi\`eme S\'{e}rie},
issn = {0021-7824},
journal = {J. Math. Pures Appl. (9)},
mrclass = {49J53 (34D20 37B35 37C10 37N40 52A10)},
mrnumber = {2665417},
mrreviewer = {Marian Mure\c{s}an},
number = {2},
pages = {183--199},
title = {Asymptotic behaviour of self-contracted planar curves and gradient orbits of convex functions},
url = {https://doi.org/10.1016/j.matpur.2010.03.007},
volume = {94},
year = {2010},
bdsk-url-1 = {https://doi.org/10.1016/j.matpur.2010.03.007}}

@article{wald,
author = {Wald, A.},
hyphenation = {german},
journal = {Ergebnisse eines mathematischen Kolloquium},
language = {german},
pages = {24--46},
title = {Begr\"undung eiiner Koordinatenlosen Differentialgeometrie der Fl\"achen},
volume = {6},
year = {1935}}

@article{pizzetti,
author = {Pizzetti, P.},
journal = {Atti della Reale Accademia dei Lincei, Rendiconti (5). Classe di Scienze Fisiche, Matematiche e Naturali},
number = {1},
pages = {6--11},
title = {Paragone fra due triangoli a lati uguali},
volume = {16},
year = {1907}}

%arXiv

@book{petrunin2023pure,
      title={Pure metric geometry: introductory lectures}, 
      author={Anton Petrunin},
      year={2023},
      eprint={2007.09846},
      archivePrefix={arXiv},
      primaryClass={math.MG}
}

@misc{lebedeva-petrunin,
  doi = {10.48550/ARXIV.2212.10479},  
  url = {https://arxiv.org/abs/2212.10479},
  author = {Лебедева, Н. and Петрунин, А.},
  keywords = {History and Overview (math.HO), FOS: Mathematics, FOS: Mathematics, 53C45},  
  title = {Теорема Александрова о вложении многогранников},  
  publisher = {arXiv},  
  year = {2022},
  copyright = {Creative Commons Zero v1.0 Universal},
     language={russian},
hyphenation={russian},
addendum={[English translation: N. Lebedeva, A. Petrunin, \emph{Alexandrov's embedding theorem}.]}
}

@article{milka-line,
author = {Милка, А. Д.},
hyphenation = {russian},
journal = {Укр. геометр, сб.},
language = {russian},
pages = {43--48},
title = {Метрическое строение одного класса пространств, содержащих прямые линии},
volume = {4},
year = {1967},
language={russian},
hyphenation={russian}}

@book{alexander-kapovitch-petrunin-bigbook,
author = {Alexander, S. and Kapovitch, V. and Petrunin, A.},
title = {Alexandrov geometry: foundations},  
year = {2019},
eprint={2212.06122v1},
archivePrefix={arXiv},
primaryClass={math.DG}
}

